@BOOK{Jane,
  author =       {DALY, Mark. GUNSTON, Bill. },
  editor =       {USA: Jane's Information Group},
  title =        {Jane's Aero Engines},
  year =         {2006},
}
@MISC{APU,
  title =        {Auxiliary Power Units},
  source =       {http://www.pw.utc.com/Auxiliary_Power_Units},
}
@MISC{Cryogenic,
  title =        {DEVELOPMENT OF CRYOGENIC FUEL AIRCRAFT},
  source =       {http://www.tupolev.ru/english/Show.asp?SectionID=82},
}
@MISC{Conception,
  author =       {EMBRAER},
  title =        {ERJ 155 - Estudos de Concepção},
  year =         {2007},
  note =         {EMBRAER DAP-GH8-070921, São José Dos Campos, ERJ155.ppt},
}
@BOOK{Kurzke,
  author =       {KURZKE, J.},
  title =        {How to create a performance model of a gas turbine from a limited amount of information.},
  publisher =    {ASME GT2005 - TURBO EXPO 2005 - POWER FOR LAND, SEA AND AIR.},
  year =         {2005},
  volume =       {v.1},
  address =      {Reno-Tahoe},
}
@BOOK{Mattingly,
  author =       {MATTINGLY, Jack D.; HEISER, William H.; PRATT, David T.},
  title =        {Aircraft engine design},
  publisher =    {Reston: American Institute Of Aeronautics And Astronautics, Inc.},
  year =         {2002},
  edition =      {2. ed.},
}
@BOOK{Roskan,
  author =       {ROSKAM, Jan.},
  title =        {Airplane Design: Part VII: Airplane Cost Estimation: Design, Development, Manufacturing and Operating.},
  publisher =    {DAR Corporation},
  year =         {1990},
  edition =      {1 ed.},
}
@ARTICLE{Wald,
  author =       {WALD, Matthew.},
  title =        {An Airline Fleet Fueled by Natural Gas.},
  note =         {Acessed in: 14 mar. 2013},
  source =       {http://green.blogs.nytimes.com/2012/10/25/an-airline-fleet-fueled-by-natural-gas/},
}
@ARTICLE{Webster,
  author =       {WEBSTER, Andrew.},
  title =        {Boeing's SUGAR Freeze plane concept runs on cryogenically frozen liquid natural gas.},
  year =         {2013},
  note =         {Acessed in: 14 mar. 2013},
  source =       {http://www.theverge.com/2012/3/21/2890091/boeing-sugar-freeze-cryogenically-frozen-natural-gas},
}
