@ARTICLE {typology,
    author  = "Jean-Marie Normand, Guillaume Moreau,Guillaume Moreau",
    title   = "A typology of augmented reality applications based on their tracking requirements",
    journal = "LAMDa workshop"
}
@ARTICLE {abstraction,
    author = "Florian Ledermann, István Barakonyi, Dieter Schmalstieg",
    title  = "Abstraction and Implementation Strategies for Augmented Reality Authoring"
}

@ARTICLE {calibration,
    author  = "Ross T. Whitaker, Chris Crampton, David E. Breen, Mihran Tuceryan, Eric Rose",
    title   = "Object Calibration for Augmented Reality",
    journal = "Eurographics",
    year    = "1995"
}

@ARTICLE {model-based_3d_tracking,
    author = "Vincent Lep etit, Pascal Fua",
    title  = "Mono cular Mo del-Based 3D Tracking of Rigid Objects: A Survey",
    year   = "2005"
}

@ARTICLE {performance_evaluation,
    author = "Krystian Mikolajczyk ,Cordelia Schmid",
    title  = "A performance evaluation of local descriptors",
    year   = "2005",
    month  = "feb"
}

@ARTICLE {SurveyAR,
    author  = "Ronald T. Azuma",
    title   = "A Survey of Augmented Reality",
    journal = "Hughes Research Laboratories",
    year    = "1997",
    month   = "aug"
}

@ARTICLE {Devices,
    author  = "R. Si lva, J. C. Ol ivei ra, G. A . G iraldi",
    title   = "Intr o duction to Augmente d Reality",
    journal = "National Lab oratory for Sc ie ntific Computation"
}

@ARTICLE {registrarion_technique,
    author  = "Guido Bartoli",
    title   = "Image Registration Techniques: A Comprehensive Survey",
    journal = "Universit`a degl i Studi di Siena",
    year    = "2007",
    month   = "jun"
}



@article{ISMAR2012,
author = "Gay-Bellile, Vincent",
title = "A mobile markerless Augmented Reality system for the automotive field",
year=2012,
journal="vlaus"
}


@article{PartialKnowledge,
author = "Gay-Bellile, Vincent",
title = "NonLinear Refinement of Structure from Motion Reconstruction by Taking
Advantage of a Partial Knowledge of the Environment",
year=2012
}

@ARTICLE {registrarion_technique,
    author  = "Ives Rey-Otero, Mauricio Delbracio",
    title   = "Anatomy of the SIFT Method",
    journal = "Image Processing On Line",
    year    = "2014",
    month   = "jun"
}

@ARTICLE {localfeaturedetector,
    author = "Tinne Tuytelaars, Krystian Mikolajczyk",
    title  = "Lo cal Invariant Feature Detectors: A Survey",
    year   = "2007"
}

@ARTICLE {FAST,
    author  = "Edward Rosten ,Tom Drummond",
    title   = "Machine learning for high-speed corner detection",
    journal = "Department of Engineering, Cambridge University, UK"
}

@ARTICLE {SIFT,
    author  = "David G. Lowe",
    title   = "Distinctive Image Features from Scale-Invariant Keypoints",
    journal = "Computer Science Department University of British Columbia Vancouver, B.C., Canada",
    year    = "2004"
}

@ARTICLE {FREAK,
    author  = "Alexandre Alahi, Raphael Ortiz, Pierre Vandergheynst",
    title   = "FREAK: Fast Retina Keypoint",
    journal = "Ecole Polytechnique Fed´ erale de Lausanne (EPFL), Switzerland´"
}

@ARTICLE {SURF,
    author  = "Herbert Bay, Tinne Tuytelaars, Luc Van Gool",
    title   = "S URF : S p eed ed Up Rob u st Featu res",
    journal = "ETH Zurich"
}
@ARTICLE {ORB,
    author = "Ethan Rublee, Vincent Rabaud, Kurt Konolige, Gary BradskI",
    title  = "ORB: an efficient alternative to SIFT or SURF"
}

@ARTICLE {BRISK,
    author  = "Stefan Leutenegger, Margarita Chli and Roland Y. Siegwart",
    title   = "BRISK: Binary Robust Invariant Scalable Keypoints",
    journal = "Autonomous Systems Lab, ETH Zurich¨",
    month   = "jun"
}

@INPROCEEDINGS{Lepetit05monocularmodel-based,
    author = {Vincent Lepetit and Pascal Fua},
    title = {Monocular Model-Based 3D Tracking of Rigid Objects: A Survey},
    booktitle = {Foundations and Trends in Computer Graphics and Vision},
    year = {2005},
    pages = {1--89}
}

@INPROCEEDINGS{Drummond99real-timetracking,
    author = {T. Drummond and R. Cipolla},
    title = {Real-Time Tracking of Complex Structures With on-Line Camera Calibration},
    booktitle = {In Proc. British Machine Vision Conference (BMVCâ€™99},
    year = {1999},
    pages = {574--583}
}


