
@article{DesignAI,
author = {otario},
title = {asda},
journaltitle = {asads},
date = {11/11/11},
}


@article{ISMAR2012,
author = "Gay-Bellile, Vincent",
title = "A mobile markerless Augmented Reality system for the automotive field"

}


@article{PartialKnowledge,
author = "Gay-Bellile, Vincent",
title = "NonLinear Refinement of Structure from Motion Reconstruction by Taking
Advantage of a Partial Knowledge of the Environment"

}



