
@article{DesignAI,
author = {otario},
title = {asda},
journaltitle = {asads},
date = {11/11/11},
}
